<record><leader>00000cas a22000007a 4500</leader><controlfield tag="001">18299038</controlfield><controlfield tag="008">880802d19111913ndudn ne      0    0eng d</controlfield><datafield ind1=" " ind2=" " tag="010"><subfield code="a">sn 88076527 </subfield></datafield><datafield ind1=" " ind2=" " tag="040"><subfield code="a">NOP</subfield><subfield code="b">eng</subfield><subfield code="c">NOP</subfield><subfield code="d">OCLCQ</subfield><subfield code="d">DLC</subfield></datafield><datafield ind1=" " ind2=" " tag="042"><subfield code="a">msc</subfield></datafield><datafield ind1="0" ind2=" " tag="130"><subfield code="a">Devils Lake daily world (Devils Lake, N.D. : 1911)</subfield></datafield><datafield ind1="1" ind2="0" tag="245"><subfield code="a">Devils Lake daily world.</subfield></datafield><datafield ind1=" " ind2=" " tag="250"><subfield code="a">Evening ed.</subfield></datafield><datafield ind1=" " ind2=" " tag="260"><subfield code="a">Devils Lake, N.D. :</subfield><subfield code="b">Mitchell &amp; Stedman</subfield></datafield><datafield ind1=" " ind2=" " tag="300"><subfield code="a">3 v. :</subfield><subfield code="b">ill. ;</subfield><subfield code="c">55-60 cm.</subfield></datafield><datafield ind1=" " ind2=" " tag="310"><subfield code="a">Daily (except Sunday)</subfield></datafield><datafield ind1="0" ind2=" " tag="362"><subfield code="a">Vol. 1, no. 14 (June 20, 1911)-v. 3, no. 3 (June 7, 1913).</subfield></datafield><datafield ind1=" " ind2=" " tag="530"><subfield code="a">Available on microfilm from the State Historical Society of North Dakota.</subfield></datafield><datafield ind1=" " ind2=" " tag="752"><subfield code="a">United States</subfield><subfield code="b">North Dakota</subfield><subfield code="c">Ramsey</subfield><subfield code="d">Devils Lake.</subfield></datafield><datafield ind1="0" ind2=" " tag="775"><subfield code="t">Devils Lake world</subfield><subfield code="w">(DLC)sn 88076522</subfield></datafield><datafield ind1="0" ind2=" " tag="775"><subfield code="t">Devils Lake weekly world</subfield><subfield code="w">(DLC)sn 88076523</subfield></datafield><datafield ind1="0" ind2="0" tag="780"><subfield code="t">Devils Lake world (Devils Lake, N.D. : 1911 : daily)</subfield><subfield code="w">(DLC)sn 88076535</subfield></datafield></record>